@article{TCHES:CC24,
    author =       "Keng-Yu Chen and
                  Jiun-Peng Chen",
    volume =       2024,
    url =          "https://tches.iacr.org/index.php/TCHES/article/view/11428",
    DOI =          "10.46586/tches.v2024.i2.276-303",
    number =       {2},
    journal =      {IACR Transactions on Cryptographic Hardware and Embedded Systems},
    year =         {2024},
    month =        {Mar.},
    pages =        {276â€“303}
}