@misc{svd-note,
	title = {Proof of the Singular Value Decomposition},
	howpublished = {\url{https://gregorygundersen.com/blog/2018/12/20/svd-proof/}},
	note = {Accessed: 2024-09-13},
	author = {Gregory Gundersen}
}
